<?xml version="1.0" encoding="UTF-8"?>
<record xmlns="http://www.loc.gov/MARC21/slim" xmlns:xsi="http://www.w3.org/2001/XMLSchema-instance" xsi:schemaLocation="http://www.loc.gov/MARC21/slim http://www.loc.gov/standards/marcxml/schema/MARC21slim.xsd">
<leader>     cam a2200325 a 4500</leader>
<controlfield tag="001">001496923</controlfield>
<controlfield tag="003">NNU</controlfield>
<controlfield tag="005">20061010173131.0</controlfield>
<controlfield tag="008">990209s1910    ua            000 0cara d</controlfield>
<datafield tag="035" ind1="9" ind2=" ">
<subfield code="a">NYUb11957549</subfield>
</datafield>
<datafield tag="035" ind1=" " ind2=" ">
<subfield code="a">(CStRLIN)NYUG99-B418</subfield>
</datafield>
<datafield tag="040" ind1=" " ind2=" ">
<subfield code="d">CStRLIN</subfield>
<subfield code="d">NNU</subfield>
</datafield>
<datafield tag="066" ind1=" " ind2=" ">
<subfield code="c">(3</subfield>
</datafield>
<datafield tag="090" ind1=" " ind2=" ">
<subfield code="a">BP136.48</subfield>
<subfield code="b">.I24 1910</subfield>
</datafield>
<datafield tag="100" ind1="1" ind2=" ">
<subfield code="6">880-01</subfield>
<subfield code="a">Ibn Ḥajar al-ʻAsqalānī, Aḥmad ibn ʻAlī,</subfield>
<subfield code="d">1372-1449.</subfield>
</datafield>
<datafield tag="245" ind1="1" ind2="3">
<subfield code="6">880-02</subfield>
<subfield code="a">al-Iṣabah fī tamyīz al-ṣaḥābah /</subfield>
<subfield code="c">li-Shihāb al-Dīn Abī al-Faḍl Aḥmad bin ʻAlī al-ʻAsqalānī al-maʻrūf bi-Ibn Ḥajar ; Wa-bi-hāmishih kitāb al-Istīʻāb fī asmāʼ al-aṣḥāb / li-Abī ʻUmar Yūsuf bin ʻAbd Allāh bin Muḥammad bin ʻAbd al-Barr ; maʻa taḥqīq Ṭāhā Muḥammad al-Zaynī.</subfield>
</datafield>
<datafield tag="246" ind1="1" ind2="3">
<subfield code="6">880-03</subfield>
<subfield code="a">Istīʻāb fī asmāʼ al-ṣaḥāb</subfield>
</datafield>
<datafield tag="246" ind1="1" ind2="3">
<subfield code="6">880-04</subfield>
<subfield code="a">Kitāb al-Istīʻāb fī asmāʼ al-ṣaḥāb</subfield>
</datafield>
<datafield tag="250" ind1=" " ind2=" ">
<subfield code="6">880-05</subfield>
<subfield code="a">al-Ṭabʻah 1.</subfield>
</datafield>
<datafield tag="260" ind1=" " ind2=" ">
<subfield code="6">880-06</subfield>
<subfield code="a">[Cairo] :</subfield>
<subfield code="b">Maṭbaʻat al-Saʻādah,</subfield>
<subfield code="c">1328 [1910]</subfield>
</datafield>
<datafield tag="300" ind1=" " ind2=" ">
<subfield code="a">4 v. ;</subfield>
<subfield code="c">29 cm.</subfield>
</datafield>
<datafield tag="650" ind1=" " ind2="0">
<subfield code="a">Hadith</subfield>
<subfield code="x">Authorities</subfield>
<subfield code="v">Early works to 1800.</subfield>
</datafield>
<datafield tag="700" ind1="1" ind2=" ">
<subfield code="6">880-07</subfield>
<subfield code="a">Ibn ʻAbd al-Barr, Yūsuf ibn ʻAbd Allāh,</subfield>
<subfield code="d">978 or 9-1071.</subfield>
</datafield>
<datafield tag="880" ind1="1" ind2=" ">
<subfield code="6">100-01/</subfield>
<subfield code="a">ابن حجر العسقلاني، أحمد بن علي.</subfield>
</datafield>
<datafield tag="880" ind1="1" ind2="2">
<subfield code="6">245-02/</subfield>
<subfield code="a">الاصابة في تمييز الصحابة /</subfield>
<subfield code="c">لشهاب الدين أبي الفضل أحمد بن علي العسقلاني المعروف بابن حجر. وبهامشه كتاب الاستيعاب في اسماز الاصحاب / لأبي عمر يوسف بن عبد الله بن محمد بن عبد البر ؛ مع تحقيق طه محمد الزيني.</subfield>
</datafield>
<datafield tag="880" ind1="1" ind2="3">
<subfield code="6">246-03/</subfield>
<subfield code="a">استيعاب في اسماء الاصحاب</subfield>
</datafield>
<datafield tag="880" ind1="1" ind2="3">
<subfield code="6">246-04/</subfield>
<subfield code="a">كتاب الاستيعاب في اسماء الاصحاب</subfield>
</datafield>
<datafield tag="880" ind1=" " ind2=" ">
<subfield code="6">250-05/</subfield>
<subfield code="a">الطبعة ١.</subfield>
</datafield>
<datafield tag="880" ind1=" " ind2=" ">
<subfield code="6">260-06/</subfield>
<subfield code="a">[Cairo] :</subfield>
<subfield code="b">مطبعة السعادة،</subfield>
<subfield code="c">١٣٢٨.</subfield>
</datafield>
<datafield tag="880" ind1="1" ind2=" ">
<subfield code="6">700-07/</subfield>
<subfield code="a">ابن عبد البر، يوسف بن عبد الله.</subfield>
</datafield>
<datafield tag="OWN" ind1=" " ind2=" ">
<subfield code="a">GENERAL</subfield>
</datafield>
<datafield tag="998" ind1=" " ind2=" ">
<subfield code="a">19990209</subfield>
<subfield code="d">19990209</subfield>
<subfield code="d">20000923</subfield>
<subfield code="n">NNU</subfield>
<subfield code="s">1</subfield>
<subfield code="t">c</subfield>
<subfield code="z">p</subfield>
</datafield>
<datafield tag="AVA" ind1=" " ind2=" ">
<subfield code="a">NYU50</subfield>
<subfield code="b">BOBST</subfield>
<subfield code="c">Main Collection</subfield>
<subfield code="d">BP136.48 .I24 1910</subfield>
<subfield code="e">unavailable</subfield>
<subfield code="t">Unavailable</subfield>
<subfield code="f">2</subfield>
<subfield code="g">2</subfield>
<subfield code="h">Y</subfield>
<subfield code="i">0</subfield>
<subfield code="j">MAIN</subfield>
<subfield code="k">0</subfield>
</datafield>
</record>
